@BOOK{linpack,
  author =       {J. Dongarra and J. Bunch and C. Moler and G. Stewart},
  title =        {LINPACK User's Guide},
  publisher =    {Society for Industrial and Applied Mathematics},
  year =         {1993},
  volume =			 {},
  ISBN =				 {0-89871-172-X}
}

@BOOK{eispack,
  author =       {B. Smith and J. Boyle and J. Dongarra},
  title =        {Matrix Eigensystem Routines - EISPACK Guide},
  publisher =    {Springer-Verlag GmbH},
  year =         {1988},
  volume =			 {},
  ISBN =				 {3-540-07546-1}
}

@BOOK{MATLAB7,
  author =       {Frieder Grupp and Florian Grupp},
  title =        {MATLAB 7 für Ingenieure - Grundlagen und Programmierbeispiele},
  publisher =    {Oldenbourg Verlag München Wien},
  year =         {2004},
  volume =       {},
  ISBN =         {3-486-27584-4}
}

@BOOK{ADS,
	title = 				{Skriptum zur Vorlesung ``Architekturen der Digitalen Signalverarbeitung''},
	author = 				{Mario Huemer},
	publisher =			{Lehrstuhl für Technische Elektronik, Universität Erlangen-Nürnberg},
	year = 					{2006}
}

@BOOK{DigiSig,
  author =       {Daniel von Grünigen},
  title =        {Digitale Signalverarbeitung mit einer Einführung in die kontinuierlichen Signale und Systeme},
  publisher =    {Fachbuch Verlag Leipzig},
  year =         {2004},
  ISBN =         {3-446-22861-6}
}

@BOOK{dgvhdl,
	author				=	{Peter Ashenden},
	title					=	{The Designers Guide to VHDL (Systems on Silicon)},
	year					=	{2001},
	price					=	{£27.05},
	publisher			=	{Morgan Kaufmann Publishers Inc,US},
	isbn					=	{1558606742}
}

@MISC{vhdlonline,
	title					=	{VHDL-Online},
	language			= {deutsch},
	organization	=	{Universität Erlangen-Nürnberg, LRS},
	url						=	{http://www.vhdl-online.de}
}

@BOOKLET{esperan,
	author				= {Antony Dennis and Eamonn Quighey and Paul Findlay and Steve Tippins},
	title					= {VHDL: Reference Guide},
	language 			= {englisch},
	publisher			= {Esperan Ltd},
	year					= {1995},
	ISBN					= {0952677903}
}

@MANUAL{hbecp,
	title 				= {LatticeECP/EC Family Handbook},
	language			= {englisch},
	month					= {April},
	year					= {2006},
	edition				= {02.6},
	organization	= {Lattice semiconductor corporation},
	url						= {http://www.latticesemi.com/dynamic/view_document.cfm?document_id=8518}
}

@MANUAL{dsecp,
	title					= {LatticeECP/EC Family Data Sheet},
	language			= {englisch},
	month					= {March},
	year					= {2006},
	edition				= {02.2},
	organization	= {Lattice semiconductor corporation},
	url						= {http://www.latticesemi.com/dynamic/view_document.cfm?document_id=8517}
}

@BOOK{satnav,
	title = 				{Skriptum zur Vorlesung ``Satellitengestützte Ortsbestimmung''},
	author = 				{Prof. Dr.-Ing. Jörn Thielecke},
	publisher =			{Lehrstuhl für Informationstechnik mit dem Schwerpunkt Kommunikationselektronik, Universität Erlangen-Nürnberg},
	year = 					{2006}
}
