@BOOK{linpack,
  author =       {J. Dongarra and J. Bunch and C. Moler and G. Stewart},
  title =        {LINPACK User's Guide},
  publisher =    {Society for Industrial and Applied Mathematics},
  year =         {1993},
  volume =			 {},
  ISBN =				 {0-89871-172-X}
}

@BOOK{eispack,
  author =       {B. Smith and J. Boyle and J. Dongarra},
  title =        {Matrix Eigensystem Routines - EISPACK Guide},
  publisher =    {Springer-Verlag GmbH},
  year =         {1988},
  volume =			 {},
  ISBN =				 {3-540-07546-1}
}

@BOOK{MATLAB7,
  author =       {Frieder Grupp and Florian Grupp},
  title =        {MATLAB 7 für Ingenieure - Grundlagen und Programmierbeispiele},
  publisher =    {Oldenbourg Verlag München Wien},
  year =         {2004},
  volume =       {},
  ISBN =         {3-486-27584-4}
}

@BOOK{tietzeschenk,
	title =					{Halbleiter-Schaltungstechnik},
	author = 				{Ulrich Tietze and Christoph Schenk},
	publisher = 		{Springer-Verlag Berlin Heidelberg},
	year = 					{1999},
	edition =				{11},
	ISBN = 					{3-540-64192-0}
}

@BOOK{ADS,
	title = 				{Skriptum zur Vorlesung ``Architekturen der Digitalen Signalverarbeitung''},
	author = 				{Mario Huemer},
	publisher =			{Lehrstuhl für Technische Elektronik, Universität Erlangen-Nürnberg},
	year = 					{2006}
}

@BOOK{DigiSig,
  author =       {Daniel von Grünigen},
  title =        {Digitale Signalverarbeitung mit einer Einführung in die kontinuierlichen Signale und Systeme},
  publisher =    {Fachbuch Verlag Leipzig},
  year =         {2004},
  ISBN =         {3-446-22861-6}
}

@BOOK{dgvhdl,
	author				=	{Peter Ashenden},
	title					=	{The Designers Guide to VHDL (Systems on Silicon)},
	year					=	{2001},
	price					=	{£27.05},
	publisher			=	{Morgan Kaufmann Publishers Inc,US},
	isbn					=	{1558606742}
}

@MISC{vhdlonline,
	title					=	{VHDL-Online},
	language			= {deutsch},
	organization	=	{Universität Erlangen-Nürnberg, LRS},
	url						=	{http://www.vhdl-online.de}
}

@BOOKLET{esperan,
	author				= {Antony Dennis and Eamonn Quighey and Paul Findlay and Steve Tippins},
	title					= {VHDL: Reference Guide},
	language 			= {english},
	publisher			= {Esperan Ltd},
	year					= {1995},
	ISBN					= {0952677903}
}

@MANUAL{hbecp,
	title 				= {LatticeECP/EC Family Handbook},
	language			= {english},
	month					= {April},
	year					= {2006},
	edition				= {02.6},
	organization	= {Lattice semiconductor corporation},
	url						= {http://www.latticesemi.com/dynamic/view_document.cfm?document_id=8518}
}

@MANUAL{hbecp2,
	title 				= {LatticeECP2/M Family Handbook},
	language			= {english},
	month					= {September},
	year					= {2006},
	edition				= {02.0},
	organization	= {Lattice semiconductor corporation},
	url						= {http://www.latticesemi.com/dynamic/view_document.cfm?document_id=21733}
}

@MANUAL{dsecp,
	title					= {LatticeECP/EC Family Data Sheet},
	language			= {english},
	month					= {March},
	year					= {2006},
	edition				= {02.2},
	organization	= {Lattice semiconductor corporation},
	url						= {http://www.latticesemi.com/dynamic/view_document.cfm?document_id=8517}
}

@MANUAL{pth12000,
	title 				= {PTH12000 Datasheet},
	language			= {english},
	month					= {June},
	year					= {2004},
	organization	= {Texas Instruments Incorporated},
	url						= {http://www.ti.com/lit/gpn/pth12000w}
}

@MANUAL{pcm1730,
	title 				= {PCM1730 Datasheet - 24-BIT, 192-kHz SAMPLING ADVANCED SEGMENT, AUDIO STEREO DIGITAL-TO-ANALOG CONVERTER},
	language			= {english},
	month					= {November},
	year					= {2001},
	organization	= {Texas Instruments Incorporated},
	url						= {http://www.ti.com/lit/gpn/pcm1730}
}

@MANUAL{pcm1803,
	title 				= {PCM1803 Datasheet - SINGLE-ENDED, ANALOG-INPUT 24-BIT, 96-kHz STEREO A/D CONVERTER},
	language			= {english},
	month					= {November},
	year					= {2004},
	organization	= {Texas Instruments Incorporated},
	url						= {http://www.ti.com/lit/gpn/pcm1803}
}

@MANUAL{pga2500,
	title 				= {PGA2500 Datasheet - Digitally Controlled Microphone Preamplifier},
	language			= {english},
	month					= {December},
	year					= {2003},
	organization	= {Texas Instruments Incorporated},
	url						= {http://www.ti.com/lit/gpn/pga2500}
}

@MANUAL{opa2134,
	title 				= {OPA2134 Datasheet - SoundPLUS High Performance
AUDIO OPERATIONAL AMPLIFIERS},
	language			= {english},
	month					= {December},
	year					= {1997},
	organization	= {Texas Instruments Incorporated},
	url						= {http://www.ti.com/lit/gpn/opa2134}
}

@MANUAL{tl082,
	title 				= {TL082 Datasheet - Wide Bandwidth Dual JFET Input Operational Amplifier},
	language			= {english},
	month					= {August},
	year					= {2000},
	organization	= {National Semiconductor},
	url						= {http://www.national.com/ds.cgi/TL/TL082.pdf}
}

@MANUAL{79L05,
	title 				= {LM320L/LM79LXXAC Series 3-Terminal Negative Regulators},
	language			= {english},
	month					= {March},
	year					= {2006},
	organization	= {National Semiconductor},
	url						= {http://www.national.com/ds.cgi/LM/LM320L.pdf}
}

@MANUAL{stps340u,
	title 				= {STPS340U Datasheet - Power Schottky Rectifier},
	language			= {english},
	month					= {July},
	year					= {2003},
	organization	= {STMicroelectronics},
	url						= {http://www.st.com/stonline/products/literature/ds/3624.pdf}
}

@MANUAL{tps5430,
	title 				= {TPS5430 Datasheet - 3-A, WIDE INPUT RANGE, STEP-DOWN SWIFT(TM) CONVERTER},
	language			= {english},
	month					= {March},
	year					= {2006},
	organization	= {Texas Instruments Incorporated},
	url						= {http://www.ti.com/lit/gpn/tps5430}
}

@MANUAL{tps6755,
	title 				= {TPS6755 Datasheet - ADJUSTABLE INVERTING DC/DC CONVERTER},
	language			= {english},
	month					= {December},
	year					= {1996},
	organization	= {Texas Instruments Incorporated},
	url						= {http://www.ti.com/lit/gpn/tps6755}
}

@MANUAL{tps73250,
	title 				= {TPS732xx Datasheet - Cap-Free, NMOS, 250mA Low Dropout Regulator with Reverse Current Protection},
	language			= {english},
	month					= {May},
	year					= {2006},
	organization	= {Texas Instruments Incorporated},
	url						= {http://www.ti.com/lit/gpn/tps73250}
}

@MANUAL{tpa0213,
	title 				= {TPS0213 Datasheet - 2-W MONO AUDIO POWER AMPLIFIER WITH HEADPHONE DRIVE},
	language			= {english},
	month					= {January},
	year					= {2000},
	organization	= {Texas Instruments Incorporated},
	url						= {http://www.ti.com/lit/gpn/tpa0213}
}

@MANUAL{conrad_mikrofon,
	title 				= {Omnidirectional Electret Condenser Microphone Unit EM-060A},
	language			= {english},
	organization	= {Conrad Electronic SE},
	url						= {http://www.produktinfo.conrad.com/datenblaetter/300000-324999/302147-da-02-en-Mikrofonkapsel_EM6.pdf}
}

@MANUAL{ssm2167,
	title 				= {SSM2167 Datasheet - Low Voltage Microphone Preamplifier with Variable Compression and Noise Gating},
	language			= {english},
	month					= {September},
	year 					= {2003},
	organization	= {Analog Devices, Inc.},
	url						= {http://www.analog.com/UploadedFiles/Data_Sheets/SSM2167.pdf}
}

@MANUAL{xc6201,
	title 				= {XC6201 Series positive voltage regulators},
	language			= {english},
	organization	= {Torex Semiconductor Ltd.},
	url						= {http://www.torex-usa.com/product/pro02/pdf/XC6201_E.pdf}
}

@MANUAL{sp3232,
	title 				= {SP3222EB/3232EB Datasheet - CorporationTrue +3.0V to +5.5V RS-232 Transceivers},
	language			= {english},
	month					= {November},
	year					= {2005},
	organization	= {Sipex Corporation},
	url						= {http://www.sipex.com/Files/DataSheets/sp3222eb_3232eb.pdf}
}

@BOOK{satnav,
	title = 				{Skriptum zur Vorlesung ``Satellitengestützte Ortsbestimmung''},
	author = 				{Prof. Dr.-Ing. Jörn Thielecke},
	publisher =			{Lehrstuhl für Informationstechnik mit dem Schwerpunkt Kommunikationselektronik, Universität Erlangen-Nürnberg},
	year = 					{2006}
}

@BOOK{aes,
	title 				=	{Skriptum zur Vorlesung ``Analoge Elektronische Systeme''},
	author 				=	{Prof. Dr.-Ing. Dr.-Ing. habil. Robert Weigel},
	language			= {german},
	publisher =			{Lehrstuhl für Technische Elektronik, Universität Erlangen-Nürnberg},
	month					= {February},
	year 					=	{2006}
}

